<?xml version="1.0" encoding="UTF-8"?><collection xmlns="http://www.loc.gov/MARC21/slim"><record><leader>00465nam--2200181-u-4500</leader><controlfield tag="001">000056428</controlfield><controlfield tag="002">20161230</controlfield><controlfield tag="005">20161230201052</controlfield><controlfield tag="008">151007s1000------------r-----000-0-rus-d</controlfield><datafield ind1=" " ind2=" " tag="040"><subfield code="a">IFIN-HH</subfield></datafield><datafield ind1=" " ind2=" " tag="041"><subfield code="a">rus</subfield></datafield><datafield ind1=" " ind2=" " tag="080"><subfield code="a">537.2</subfield></datafield><datafield ind1="1" ind2=" " tag="100"><subfield code="a">Filonovici, S.R</subfield></datafield><datafield ind1="1" ind2="0" tag="245"><subfield code="a">Sudiba klassiceskogo zakona. prosloe i nastoiasee zakona kulona</subfield><subfield code="c">S.r. filonovici</subfield></datafield><datafield ind1=" " ind2=" " tag="260"><subfield code="a">Moskva</subfield><subfield code="b">Nauka</subfield><subfield code="c">1990</subfield></datafield><datafield ind1=" " ind2=" " tag="300"><subfield code="a">238P</subfield></datafield><datafield ind1=" " ind2=" " tag="490"><subfield code="a">Bibioteka Kvant Vipusk 79</subfield></datafield><datafield ind1=" " ind2=" " tag="852"><subfield code="a">79346</subfield></datafield></record></collection>